%This is an example bib file for NIH Grant template.

@inproceedings{bergmann2006sbw,
  title={SBW-a modular framework for systems biology},
  author={Bergmann, Frank T and Sauro, Herbert M},
  booktitle={Simulation Conference, 2006. WSC 06. Proceedings of the Winter},
  pages={1637--1645},
  year={2006},
  organization={IEEE}
}

@misc{pathwaydesigner,
  title = {PathwayDesigner},
  howpublished = {\url{http://pathwaydesigner.org/}}
}

@misc{maple,
  title = {Maple},
  howpublished = {\url{https://www.maplesoft.com/products/Maple/}}
}

@misc{mathCAD,
  title = {MathCAD},
  howpublished = {\url{https://www.ptc.com/engineering-math-software/mathcad}}
}

@misc{mathematica,
  title = {Mathematica},
  howpublished = {\url{https://www.wolfram.com/mathematica/}}
}

@article{waltemath2016modeling,
  title={How modeling standards, software, and initiatives support reproducibility in systems biology and systems medicine},
  author={Waltemath, Dagmar and Wolkenhauer, Olaf},
  journal={IEEE Transactions on Biomedical Engineering},
  volume={63},
  number={10},
  pages={1999--2006},
  year={2016},
  publisher={IEEE}
}

@article{mcdougal2016reproducibility,
  title={Reproducibility in computational neuroscience models and simulations},
  author={McDougal, Robert A and Bulanova, Anna S and Lytton, William W},
  journal={IEEE Transactions on Biomedical Engineering},
  volume={63},
  number={10},
  pages={2021--2035},
  year={2016},
  publisher={IEEE}
}

@article{peng2016moving,
  title={Moving Toward Model Reproducibility and Reusability},
  author={Peng, Grace CY},
  journal={IEEE Transactions on Biomedical Engineering},
  volume={63},
  number={10},
  pages={1997--1998},
  year={2016},
  publisher={IEEE}
}

@article{medley2016guidelines,
  title={Guidelines for reproducibly building and simulating systems biology models},
  author={Medley, J Kyle and Goldberg, Arthur P and Karr, Jonathan R},
  journal={IEEE Transactions on Biomedical Engineering},
  volume={63},
  number={10},
  pages={2015--2020},
  year={2016},
  publisher={IEEE}
}

@article{shen2014interactive,
  title={Interactive notebooks: Sharing the code},
  author={Shen, Helen},
  journal={Nature},
  volume={515},
  number={7525},
  pages={151},
  year={2014},
  publisher={Nature Publishing Group}
}

@article{quan2017publish,
  title={Publish or impoverish: An investigation of the monetary reward system of science in China (1999-2016)},
  author={Quan, Wei and Chen, Bikun and Shu, Fei},
  journal={Aslib Journal of Information Management},
  number={just-accepted},
  volume={just-accepted},
  pages={00--00},
  year={2017},
  publisher={Emerald Publishing Limited}
}

@article{drummond2009replicability,
  title={Replicability is not reproducibility: nor is it good science},
  author={Drummond, Chris},
  year={2009},
  booktitle={Proc. Eval. Methods Mach. Learn.},
  organization={Workshop 26th ICML},
  address={Montreal, Quebec, Canada}
}

@article{piccolo2016tools,
  title={Tools and techniques for computational reproducibility},
  author={Piccolo, Stephen R and Frampton, Michael B},
  journal={GigaScience},
  volume={5},
  number={1},
  pages={30},
  year={2016},
  publisher={BioMed Central}
}

@article{mobley2013survey,
  title={A survey on data reproducibility in cancer research provides insights into our limited ability to translate findings from the laboratory to the clinic},
  author={Mobley, Aaron and Linder, Suzanne K and Braeuer, Russell and Ellis, Lee M and Zwelling, Leonard},
  journal={PLoS One},
  volume={8},
  number={5},
  pages={e63221},
  year={2013},
  publisher={Public Library of Science}
}

@article{prinz2011believe,
  title={Believe it or not: how much can we rely on published data on potential drug targets?},
  author={Prinz, Florian and Schlange, Thomas and Asadullah, Khusru},
  journal={Nature reviews Drug discovery},
  volume={10},
  number={9},
  pages={712--712},
  year={2011},
  publisher={Nature Publishing Group}
}

@article{Tatro2013,
   author = {Tatro, E. T. and Hefler, S. and Shumaker-Armstrong, S. and Soontornniyomkij, B. and Yang, M. and Yermanos, A. and Wren, N. and Moore, D. J. and Achim, C. L.},
   title = {Modulation of BK Channel by MicroRNA-9 in Neurons After Exposure to HIV and Methamphetamine},
   journal = {J Neuroimmune Pharmacol},
   note = {Tatro, Erick T
Hefler, Shannon
Shumaker-Armstrong, Stephanie
Soontornniyomkij, Benchawanna
Yang, Michael
Yermanos, Alex
Wren, Nina
Moore, David J
Achim, Cristian L
R03 DA031591/DA/NIDA NIH HHS/United States
U19 AI096113/AI/NIAID NIH HHS/United States
Journal article
Journal of neuroimmune pharmacology : the official journal of the Society on NeuroImmune Pharmacology
J Neuroimmune Pharmacol. 2013 Mar 19.},
   abstract = {MicroRNAs (miR) regulate phenotype and function of neurons by binding to miR-response elements (MRE) in the 3' untranslated regions (3'UTR) of various messenger RNAs to inhibit translation. MiR expression can be induced or inhibited by environmental factors like drug exposure and viral infection, leading to changes in cellular physiology. We hypothesized that the effects of methamphetamine (MA) and human immunodeficiency virus (HIV)-infection in the brain will induce changes in miR expression, and have downstream regulatory consequences in neurons. We first used a PCR-based array to screen for differential expression of 380 miRs in frontal cortex autopsy tissues of HIV-positive MA abusers and matched controls. These results showed significantly increased expression of the neuron-specific miR-9. In vitro, we used SH-SY5Y cells, an experimental system for dopaminergic studies, to determine miR expression by quantitative PCR after exposure to MA in the presence or absence of conditioned media from HIV-infected macrophages. Again, we found that miR-9 was significantly increased compared to controls. We also examined the inwardly rectifying potassium channel, KCNMA1, which has alternative splice variants that contain an MRE to miR-9. We identified alternate 3'UTRs of KCNMA1 both in vitro and in the autopsy specimens and found differential splice variant expression of KCNMA1, operating via the increased miR-9. Our results suggest that HIV and MA -induced elevated miR-9, leading to suppression of MRE-containing splice variants of KCNMA1, which may affect neurotransmitter release in dopaminergic neurons.},
   year = {2013},
PMID = {23508624},

}
% ** Python **
@article{jones2014scipy,
  title={$\{$SciPy$\}$: open source scientific tools for $\{$Python$\}$},
  author={Jones, Eric and Oliphant, Travis and Peterson, Pearu},
  year={2014}
}
@book{mckinney2012python,
  title={Python for data analysis: Data wrangling with Pandas, NumPy, and IPython},
  author={McKinney, Wes},
  year={2012},
  publisher={" O'Reilly Media, Inc."}
}
% ** Python modeling environments **
% Structural / constraint-based
@article{ebrahim2013cobrapy,
  title={COBRApy: constraints-based reconstruction and analysis for python},
  author={Ebrahim, Ali and Lerman, Joshua A and Palsson, Bernhard O and Hyduke, Daniel R},
  journal={BMC systems biology},
  volume={7},
  number={1},
  pages={74},
  year={2013},
  publisher={BioMed Central}
}
@article{poolman2006scrumpy,
  title={ScrumPy: metabolic modelling with Python},
  author={Poolman, MG},
  journal={IEE Proceedings-Systems Biology},
  volume={153},
  number={5},
  pages={375--378},
  year={2006},
  publisher={IET}
}
% Dynamical
@article{shapiro2015pycellerator,
  title={Pycellerator: an arrow-based reaction-like modelling language for biological simulations},
  author={Shapiro, Bruce E and Mjolsness, Eric},
  journal={Bioinformatics},
  pages={btv596},
  year={2015},
  publisher={Oxford Univ Press}
}
@article{olivier2005modelling,
  title={Modelling cellular systems with PySCeS},
  author={Olivier, Brett G and Rohwer, Johann M and Hofmeyr, Jan-Hendrik S},
  journal={Bioinformatics},
  volume={21},
  number={4},
  pages={560--561},
  year={2005}
}
@article{lopez2013programming,
  title={Programming biological models in Python using PySB},
  author={Lopez, Carlos F and Muhlich, Jeremy L and Bachman, John A and Sorger, Peter K},
  journal={Molecular systems biology},
  volume={9},
  number={1},
  pages={646},
  year={2013},
  publisher={EMBO Press}
}
@article{hoops2006copasi,
  title={COPASIâ€”a complex pathway simulator},
  author={Hoops, Stefan and Sahle, Sven and Gauges, Ralph and Lee, Christine and Pahle, J{\"u}rgen and Simus, Natalia and Singhal, Mudita and Xu, Liang and Mendes, Pedro and Kummer, Ursula},
  journal={Bioinformatics},
  volume={22},
  number={24},
  pages={3067--3074},
  year={2006},
  publisher={Oxford Univ Press}
}
@article{mendes2009computational,
  title={Computational modeling of biochemical networks using COPASI},
  author={Mendes, Pedro and Hoops, Stefan and Sahle, Sven and Gauges, Ralph and Dada, Joseph and Kummer, Ursula},
  journal={Methods Mol Biol.},
  pages={17--59},
  year={2009},
  publisher={Springer},
  doi={10.1007/978-1-59745-525-1\_2}
}
@article{swat2012multi,
  title={Multi-scale modeling of tissues using CompuCell3D},
  author={Swat, Maciej H and Thomas, Gilberto L and Belmonte, Julio M and Shirinifard, Abbas and Hmeljak, Dimitrij and Glazier, James A},
  journal={Methods in cell biology},
  volume={110},
  pages={325},
  year={2012},
  publisher={NIH Public Access}
}

@article{Funahashi2003159,
title = "CellDesigner: a process diagram editor for gene-regulatory and biochemical networks",
journal = "BIOSILICO",
volume = "1",
number = "5",
pages = "159 - 162",
year = "2003",
note = "",
issn = "1478-5382",
doi = "http://dx.doi.org/10.1016/S1478-5382(03)02370-9",
url = "http://www.sciencedirect.com/science/article/pii/S1478538203023709",
author = "Funahashi, Akira and Morohashi, Mineo and Kitano, Hiroaki and Tanimura, Naoki",
keywords = "systems biology",
keywords = "SBML",
keywords = "SWB",
keywords = "process diagram editor",
keywords = "software "
}
@ARTICLE{Funahashi2008,
author={Funahashi, Akira and Matsuoka, Yukiko and Jouraku, Akiya and Morohashi, Mineo and Kikuchi, Norihiro and Kitano, Hiroaki},
journal={Proc. IEEE},
title={CellDesigner 3.5: A Versatile Modeling Tool for Biochemical Networks},
year={2008},
volume={96},
number={8},
pages={1254-1265},
doi={10.1109/JPROC.2008.925458},
ISSN={0018-9219},
month={Aug}
}
@article{moraru2008virtual,
  title={Virtual Cell modelling and simulation software environment},
  author={Moraru, Ion I and Schaff, James C and Slepchenko, Boris M and Blinov, ML and Morgan, Frank and Lakshminarayana, Anuradha and Gao, Fei and Li, Yuhua and Loew, Leslie M},
  journal={IET Syst. Biol.},
  volume={2},
  number={5},
  pages={352--362},
  year={2008},
  publisher={IET}
}
@article{myers2009ibiosim,
  title={iBioSim: a tool for the analysis and design of genetic circuits},
  author={Myers, Chris J and Barker, Nathan and Jones, Kevin and Kuwahara, Hiroyuki and Madsen, Curtis and Nguyen, Nam-Phuong D},
  journal={Bioinformatics},
  volume={25},
  number={21},
  pages={2848--2849},
  year={2009},
  publisher={Oxford Univ Press}
}
@book{MATLAB:2016,
year = {2016},
author = {MATLAB},
title = {MATLAB version 7.10.0 (R2016b)},
publisher = {The MathWorks Inc.},
address = {Natick, Massachusetts}
}
@book{python,
year = {1995},
author = {Van Rossum, Guido},
title = {Python Library Reference},
publisher = {CWI},
address = {P.O. Box 94079, 1090 GB Amsterdam, The Netherlands}
}
@article{halasz2016integrating,
  title={Integrating network reconstruction with mechanistic modeling to predict cancer therapies},
  author={Halasz, Melinda and Kholodenko, Boris N and Kolch, Walter and Santra, Tapesh},
  journal={Sci. Signal.},
  volume={9},
  number={455},
  pages={ra114--ra114},
  year={2016},
  publisher={American Association for the Advancement of Science}
}
@article{waltemath2011reproducible,
  title={Reproducible computational biology experiments with SED-ML-the simulation experiment description markup language},
  author={Waltemath, Dagmar and Adams, Richard and Bergmann, Frank T and Hucka, Michael and Kolpakov, Fedor and Miller, Andrew K and Moraru, Ion I and Nickerson, David and Sahle, Sven and Snoep, Jacky L and others},
  journal={BMC systems biology},
  volume={5},
  number={1},
  pages={198},
  year={2011},
  publisher={BioMed Central}
}
@article{hucka2003systems,
  title={The systems biology markup language (SBML): a medium for representation and exchange of biochemical network models},
  author={Hucka, Michael and Finney, Andrew and Sauro, Herbert M and Bolouri, Hamid and Doyle, John C and Kitano, Hiroaki and Arkin, Adam P and Bornstein, Benjamin J and Bray, Dennis and Cornish-Bowden, Athel and others},
  journal={Bioinformatics},
  volume={19},
  number={4},
  pages={524--531},
  year={2003},
  publisher={Oxford Univ Press}
}
@article{bornstein2008libsbml,
  title={LibSBML: an API library for SBML},
  author={Bornstein, Benjamin J and Keating, Sarah M and Jouraku, Akiya and Hucka, Michael},
  journal={Bioinformatics},
  volume={24},
  number={6},
  pages={880--881},
  year={2008},
  publisher={Oxford Univ Press}
}
@article{le2006biomodels,
  title={BioModels Database: a free, centralized database of curated, published, quantitative kinetic models of biochemical and cellular systems},
  author={Le Novere, Nicolas and Bornstein, Benjamin and Broicher, Alexander and Courtot, Melanie and Donizelli, Marco and Dharuri, Harish and Li, Lu and Sauro, Herbert and Schilstra, Maria and Shapiro, Bruce and others},
  journal={Nucleic acids research},
  volume={34},
  number={suppl 1},
  pages={D689--D691},
  year={2006},
  publisher={Oxford Univ Press}
}
@article{li2010biomodels,
  title={BioModels Database: An enhanced, curated and annotated resource for published quantitative kinetic models},
  author={Li, Chen and Donizelli, Marco and Rodriguez, Nicolas and Dharuri, Harish and Endler, Lukas and Chelliah, Vijayalakshmi and Li, Lu and He, Enuo and Henry, Arnaud and Stefan, Melanie I and others},
  journal={BMC systems biology},
  volume={4},
  number={1},
  pages={92},
  year={2010},
  publisher={BioMed Central}
}
@article{bergmann2017,
  title={SED-ML Web Tools: Generate, modify and export standard-compliant simulation studies.},
  author={Bergmann, Frank T and Nickerson, David and Walthemath, Dagmar and Scharm, Martin},
  journal={Bioinformatics},
  pages={1253--1254},
  year={2017},
  publisher={Oxford Univ Press}
}
@article{scharmShowcase,
author = "martin scharm and Vasundra TourÃ©",
title = "{COMBINE Archive Show Case}",
year = "2016",
month = "6",
url = "https://figshare.com/articles/COMBINE_Archive_Show_Case/3427271",
doi = "10.6084/m9.figshare.3427271.v1"
}
@article{calzone2007dynamical,
  title={Dynamical modeling of syncytial mitotic cycles in Drosophila embryos},
  author={Calzone, Laurence and Thieffry, Denis and Tyson, John J and Novak, Bela},
  journal={Molecular systems biology},
  volume={3},
  number={1},
  pages={131},
  year={2007},
  publisher={EMBO Press}
}
@article{bergmann2014combine,
  title={COMBINE archive and OMEX format: one file to share all information to reproduce a modeling project},
  author={Bergmann, Frank T and Adams, Richard and Moodie, Stuart and Cooper, Jonathan and Glont, Mihai and Golebiewski, Martin and Hucka, Michael and Laibe, Camille and Miller, Andrew K and Nickerson, David P and others},
  journal={BMC bioinformatics},
  volume={15},
  number={1},
  pages={369},
  year={2014},
  publisher={BioMed Central}
}
@article{smith2009antimony,
  title={Antimony: a modular model definition language},
  author={Smith, Lucian P and Bergmann, Frank T and Chandran, Deepak and Sauro, Herbert M},
  journal={Bioinformatics},
  volume={25},
  number={18},
  pages={2452--2454},
  year={2009},
  publisher={Oxford Univ Press}
}
@article{choi2016phrased,
  title={phraSED-ML: A paraphrased, human-readable adaptation of SED-ML},
  author={Choi, Kiri and Smith, Lucian P and Medley, J Kyle and Sauro, Herbert M},
  journal={Journal of Bioinformatics and Computational Biology},
  pages={1650035},
  year={2016},
  publisher={World Scientific}
}
@misc{bergmann_frank_t_2016_154158,
  author       = {Bergmann, Frank T. and
                  Keating, Sarah M.},
  title        = {{libCombine: a C++ API library supporting the
                   COMBINE Archive}},
  month        = sep,
  year         = 2016,
  doi          = {10.5281/zenodo.154158},
  url          = {https://doi.org/10.5281/zenodo.154158}
}
@article{wolf2001mathematical,
  title={Mathematical analysis of a mechanism for autonomous metabolic oscillations in continuous culture of Saccharomyces cerevisiae},
  author={Wolf, Jana and Sohn, Ho-Yong and Heinrich, Reinhart and Kuriyama, Hiroshi},
  journal={FEBS letters},
  volume={499},
  number={3},
  pages={230--234},
  year={2001},
  publisher={Wiley Online Library}
}
@article{proctor2008explaining,
  title={Explaining oscillations and variability in the p53-Mdm2 system},
  author={Proctor, Carole J and Gray, Douglas A},
  journal={BMC systems biology},
  volume={2},
  number={1},
  pages={75},
  year={2008},
  publisher={BioMed Central}
}
@article{borisov2009systems,
  title={Systems-level interactions between insulin--EGF networks amplify mitogenic signaling},
  author={Borisov, Nikolay and Aksamitiene, Edita and Kiyatkin, Anatoly and Legewie, Stefan and Berkhout, Jan and Maiwald, Thomas and Kaimachnikov, Nikolai P and Timmer, Jens and Hoek, Jan B and Kholodenko, Boris N},
  journal={Molecular systems biology},
  volume={5},
  number={1},
  pages={256},
  year={2009},
  publisher={EMBO Press}
}
@article{goecks2010galaxy,
  title={Galaxy: a comprehensive approach for supporting accessible, reproducible, and transparent computational research in the life sciences},
  author={Goecks, Jeremy and Nekrutenko, Anton and Taylor, James},
  journal={Genome biology},
  volume={11},
  number={8},
  pages={R86},
  year={2010},
  publisher={BioMed Central}
}
@article{elowitz2000synthetic,
  title={A synthetic oscillatory network of transcriptional regulators},
  author={Elowitz, Michael B and Leibler, Stanislas},
  journal={Nature},
  volume={403},
  number={6767},
  pages={335--338},
  year={2000},
  publisher={Nature Publishing Group}
}
@article{gillespie1977exact,
  title={Exact stochastic simulation of coupled chemical reactions},
  author={Gillespie, Daniel T},
  journal={The journal of physical chemistry},
  volume={81},
  number={25},
  pages={2340--2361},
  year={1977},
  publisher={ACS Publications}
}
@article{feret2009internal,
  title={Internal coarse-graining of molecular systems},
  author={Feret, J{\'e}r{\^o}me and Danos, Vincent and Krivine, Jean and Harmer, Russ and Fontana, Walter},
  journal={Proceedings of the National Academy of Sciences},
  volume={106},
  number={16},
  pages={6453--6458},
  year={2009},
  publisher={National Acad Sciences}
}
@article{smith2012rulebender,
  title={RuleBender: integrated modeling, simulation and visualization for rule-based intracellular biochemistry},
  author={Smith, Adam M and Xu, Wen and Sun, Yao and Faeder, James R and Marai, G Elisabeta},
  journal={BMC bioinformatics},
  volume={13},
  number={8},
  pages={S3},
  year={2012},
  publisher={BioMed Central}
}
@article{pond2009windshield,
  title={Windshield splatter analysis with the Galaxy metagenomic pipeline},
  author={Pond, Sergei Kosakovsky and Wadhawan, Samir and Chiaromonte, Francesca and Ananda, Guruprasad and Chung, Wen-Yu and Taylor, James and Nekrutenko, Anton and Galaxy Team and others},
  journal={Genome research},
  volume={19},
  number={11},
  pages={2144--2153},
  year={2009},
  publisher={Cold Spring Harbor Lab}
}
@inproceedings{beazley1996swig,
  title={SWIG: An Easy to Use Tool for Integrating Scripting Languages with C and C++.},
  author={Beazley, David M and others},
  booktitle={Tcl/Tk Workshop},
  year={1996}
}
@article{cuellar2003overview,
  title={An overview of CellML 1.1, a biological model description language},
  author={Cuellar, Autumn A and Lloyd, Catherine M and Nielsen, Poul F and Bullivant, David P and Nickerson, David P and Hunter, Peter J},
  journal={Simulation},
  volume={79},
  number={12},
  pages={740--747},
  year={2003},
  publisher={Sage Publications}
}
@inproceedings{callahan2006vistrails,
  title={VisTrails: visualization meets data management},
  author={Callahan, Steven P and Freire, Juliana and Santos, Emanuele and Scheidegger, Carlos E and Silva, Cl{\'a}udio T and Vo, Huy T},
  booktitle={Proceedings of the 2006 ACM SIGMOD international conference on Management of data},
  pages={745--747},
  year={2006},
  organization={ACM}
}

@inproceedings{ragan2014jupyter,
  title={The Jupyter/IPython architecture: a unified view of computational research, from interactive exploration to communication and publication.},
  author={Ragan-Kelley, M and Perez, F and Granger, B and Kluyver, T and Ivanov, P and Frederic, J and Bussonnier, M},
  booktitle={AGU Fall Meeting Abstracts},
  year={2014}
}
@inproceedings{erocal2010sage,
  title={The Sage Project: Unifying Free Mathematical Software to Create},
  author={Er{\"o}cal, Bur{\c{c}}in and Stein, William},
  booktitle={Mathematical Software-ICMS 2010: Third International Congress on Mathematical Software, Kobe, Japan, September 13-17, 2010, Proceedings},
  volume={6327},
  pages={12},
  year={2010},
  organization={Springer}
}
@book{wolfram1996mathematica,
  title={Mathematica},
  author={Wolfram, Stephen},
  year={1996},
  publisher={Cambridge university press Cambridge}
}
@article{karr2012whole,
  title={A whole-cell computational model predicts phenotype from genotype},
  author={Karr, Jonathan R and Sanghvi, Jayodita C and Macklin, Derek N and Gutschow, Miriam V and Jacobs, Jared M and Bolival, Benjamin and Assad-Garcia, Nacyra and Glass, John I and Covert, Markus W},
  journal={Cell},
  volume={150},
  number={2},
  pages={389--401},
  year={2012},
  publisher={Elsevier}
}
@article{millard2017metabolic,
  title={Metabolic regulation is sufficient for global and robust coordination of glucose uptake, catabolism, energy production and growth in Escherichia coli},
  author={Millard, Pierre and Smallbone, Kieran and Mendes, Pedro},
  journal={PLoS computational biology},
  volume={13},
  number={2},
  pages={e1005396},
  year={2017},
  publisher={Public Library of Science}
}
@article{somogyi2015libroadrunner,
  title={libRoadRunner: a high performance SBML simulation and analysis library},
  author={Somogyi, Endre T and Bouteiller, Jean-Marie and Glazier, James A and K{\"o}nig, Matthias and Medley, J Kyle and Swat, Maciej H and Sauro, Herbert M},
  journal={Bioinformatics},
  volume={31},
  number={20},
  pages={3315--3321},
  year={2015},
  publisher={Oxford University Press}
}
@article{briat2016antithetic,
  title={Antithetic integral feedback ensures robust perfect adaptation in noisy biomolecular networks},
  author={Briat, Corentin and Gupta, Ankit and Khammash, Mustafa},
  journal={Cell systems},
  volume={2},
  number={1},
  pages={15--26},
  year={2016},
  publisher={Elsevier}
}
@article{wang2007noise,
  title={Noise-induced switches in network systems of the genetic toggle switch},
  author={Wang, Junwei and Zhang, Jiajun and Yuan, Zhanjiang and Zhou, Tianshou},
  journal={BMC systems biology},
  volume={1},
  number={1},
  pages={50},
  year={2007},
  publisher={BioMed Central}
}
@article{ewald2014sessl,
  title={SESSL: A domain-specific language for simulation experiments},
  author={Ewald, Roland and Uhrmacher, Adelinde M},
  journal={ACM Transactions on Modeling and Computer Simulation (TOMACS)},
  volume={24},
  number={2},
  pages={11},
  year={2014},
  publisher={ACM}
}
@article{alves2006tools,
  title={Tools for kinetic modeling of biochemical networks},
  author={Alves, Rui and Antunes, Fernando and Salvador, Armindo},
  journal={Nature biotechnology},
  volume={24},
  number={6},
  pages={667--672},
  year={2006},
  publisher={Nature Publishing Group}
}
@article{bergmann2008comparing,
  title={Comparing simulation results of SBML capable simulators},
  author={Bergmann, Frank T and Sauro, Herbert M},
  journal={Bioinformatics},
  volume={24},
  number={17},
  pages={1963--1965},
  year={2008},
  publisher={Oxford University Press}
}
@article{bergmann2017sed,
  title={SED-ML web tools: generate, modify and export standard-compliant simulation studies},
  author={Bergmann, Frank T and Nickerson, David and Waltemath, Dagmar and Scharm, Martin},
  journal={Bioinformatics},
  volume={33},
  number={8},
  pages={1253--1254},
  year={2017},
  publisher={Oxford University Press}
}
@article{gunawardena2014models,
  title={Models in biology:â€˜accurate descriptions of our pathetic thinkingâ€™},
  author={Gunawardena, Jeremy},
  journal={BMC biology},
  volume={12},
  number={1},
  pages={29},
  year={2014},
  publisher={BioMed Central}
}
@article{murray2007regulation,
  title={Regulation of yeast oscillatory dynamics},
  author={Murray, Douglas B and Beckmann, Manfred and Kitano, Hiroaki},
  journal={Proceedings of the National Academy of Sciences},
  volume={104},
  number={7},
  pages={2241--2246},
  year={2007},
  publisher={National Acad Sciences}
}
@article{winfree1967biological,
  title={Biological rhythms and the behavior of populations of coupled oscillators},
  author={Winfree, Arthur T},
  journal={Journal of theoretical biology},
  volume={16},
  number={1},
  pages={15--42},
  year={1967},
  publisher={Elsevier}
}
@article{dodd2005plant,
  title={Plant circadian clocks increase photosynthesis, growth, survival, and competitive advantage},
  author={Dodd, Antony N and Salathia, Neeraj and Hall, Anthony and K{\'e}vei, Eva and T{\'o}th, R{\'e}ka and Nagy, Ferenc and Hibberd, Julian M and Millar, Andrew J and Webb, Alex AR},
  journal={Science},
  volume={309},
  number={5734},
  pages={630--633},
  year={2005},
  publisher={American Association for the Advancement of Science}
}
@article{gleeson2010neuroml,
  title={NeuroML: a language for describing data driven models of neurons and networks with a high degree of biological detail},
  author={Gleeson, Padraig and Crook, Sharon and Cannon, Robert C and Hines, Michael L and Billings, Guy O and Farinella, Matteo and Morse, Thomas M and Davison, Andrew P and Ray, Subhasis and Bhalla, Upinder S and others},
  journal={PLoS computational biology},
  volume={6},
  number={6},
  pages={e1000815},
  year={2010},
  publisher={Public Library of Science}
}
@article{bartley2015synthetic,
  title={Synthetic biology open language (SBOL) version 2.0. 0},
  author={Bartley, Bryan and Beal, Jacob and Clancy, Kevin and Misirli, Goksel and Roehner, Nicholas and Oberortner, Ernst and Pocock, Matthew and Bissell, Michael and Madsen, Curtis and Nguyen, Tramy and others},
  journal={Journal of Integrative Bioinformatics (JIB)},
  volume={12},
  number={2},
  pages={902--991},
  year={2015}
}
@article{galdzicki2014synthetic,
  title={The Synthetic Biology Open Language (SBOL) provides a community standard for communicating designs in synthetic biology},
  author={Galdzicki, Michal and Clancy, Kevin P and Oberortner, Ernst and Pocock, Matthew and Quinn, Jacqueline Y and Rodriguez, Cesar A and Roehner, Nicholas and Wilson, Mandy L and Adam, Laura and Anderson, J Christopher and others},
  journal={Nature biotechnology},
  volume={32},
  number={6},
  pages={545--550},
  year={2014},
  publisher={Nature Research}
}
@article{knuth84literate,
author = {Knuth, D. E.},
title = {Literate Programming},
journal = {The Computer Journal},
volume = {27},
number = {2},
pages = {97-111},
year = {1984},
doi = {10.1093/comjnl/27.2.97},
URL = { + http://dx.doi.org/10.1093/comjnl/27.2.97},
eprint = {/oup/backfile/content_public/journal/comjnl/27/2/10.1093/comjnl/27.2.97/2/270097.pdf}
}
@misc{zeppelinref,
  title = {Apache Zeppelin},
  howpublished = {\url{https://zeppelin.apache.org/}},
  note = {Accessed: 2017-08-11}
}
@book{gilbertDevBiol,
  author =   {Scott Gilbert},
  title =    {Developmental Biology},
  publisher =    {Sinauer Associates},
  year =     {2000},
  edition =      {6th},
  url = {https://www.ncbi.nlm.nih.gov/books/NBK10081/}
}
@article{edgar1994distinct,
  title={Distinct molecular mechanism regulate cell cycle timing at successive stages of Drosophila embryogenesis.},
  author={Edgar, Brace A and Sprenger, Frank and Duronio, Robert J and Leopold, Pierre and O'Farrell, Patrick H},
  journal={Genes \& development},
  volume={8},
  number={4},
  pages={440--452},
  year={1994},
  publisher={Cold Spring Harbor Lab}
}
@article{huang2002dynamic,
  title={The dynamic localisation of the Drosophila APC/C: evidence for the existence of multiple complexes that perform distinct functions and are differentially localised},
  author={Huang, Jun-yong and Raff, Jordan W},
  journal={Journal of cell science},
  volume={115},
  number={14},
  pages={2847--2856},
  year={2002},
  publisher={The Company of Biologists Ltd}
}
@article{raff2002roles,
  title={The roles of Fzy/Cdc20 and Fzr/Cdh1 in regulating the destruction of cyclin B in space and time},
  author={Raff, Jordan W and Jeffers, Kim and Huang, Jun-yong},
  journal={The Journal of cell biology},
  volume={157},
  number={7},
  pages={1139--1149},
  year={2002},
  publisher={Rockefeller University Press}
}
@article{sauro2001jdesigner,
  title={JDesigner: A simple biochemical network designer},
  author={Sauro, Herbert S},
  journal={Available via the World Wide Web at http://members. tripod. co. uk/sauro/biotech. htm},
  year={2001}
}
@article{courtot2011controlled,
  title={Controlled vocabularies and semantics in systems biology},
  author={Courtot, M{\'e}lanie and Juty, Nick and Kn{\"u}pfer, Christian and Waltemath, Dagmar and Zhukova, Anna and Dr{\"a}ger, Andreas and Dumontier, Michel and Finney, Andrew and Golebiewski, Martin and Hastings, Janna and others},
  journal={Molecular systems biology},
  volume={7},
  number={1},
  pages={543},
  year={2011},
  publisher={EMBO Press}
}
@article{petzold1997lsoda,
  title={Lsoda},
  author={Petzold, LR and Hindmarsh, AC},
  journal={Computing and Mathematics Research Division, I-316 Lawrence Livermore National Laboratory, Livermore, CA},
  volume={94550},
  year={1997}
}
@article{lloyd2008cellml,
  title={The CellML model repository},
  author={Lloyd, Catherine M and Lawson, James R and Hunter, Peter J and Nielsen, Poul F},
  journal={Bioinformatics},
  volume={24},
  number={18},
  pages={2122--2123},
  year={2008},
  publisher={Oxford University Press}
}
@article{olivier2004web,
  title={Web-based kinetic modelling using JWS Online},
  author={Olivier, Brett G and Snoep, Jacky L},
  journal={Bioinformatics},
  volume={20},
  number={13},
  pages={2143--2144},
  year={2004},
  publisher={Oxford University Press}
}
@article{peters2017jws,
author = {Peters, Martin and Eicher, Johann J. and van Niekerk, David D. and Waltemath, Dagmar and Snoep, Jacky L.},
title = {The JWS online simulation database},
journal = {Bioinformatics},
volume = {33},
number = {10},
pages = {1589-1590},
year = {2017},
doi = {10.1093/bioinformatics/btw831},
URL = { + http://dx.doi.org/10.1093/bioinformatics/btw831},
eprint = {/oup/backfile/content_public/journal/bioinformatics/33/10/10.1093_bioinformatics_btw831/2/btw831.pdf}
}
@article{angermueller2017deepcpg,
  title={DeepCpG: accurate prediction of single-cell DNA methylation states using deep learning},
  author={Angermueller, Christof and Lee, Heather J and Reik, Wolf and Stegle, Oliver},
  journal={Genome biology},
  volume={18},
  number={1},
  pages={67},
  year={2017},
  publisher={BioMed Central}
}
@article{blinov2004bionetgen,
  title={BioNetGen: software for rule-based modeling of signal transduction based on the interactions of molecular domains},
  author={Blinov, Michael L and Faeder, James R and Goldstein, Byron and Hlavacek, William S},
  journal={Bioinformatics},
  volume={20},
  number={17},
  pages={3289--3291},
  year={2004},
  publisher={Oxford University Press}
}
@article{cohen1996cvode,
  title={CVODE, a stiff/nonstiff ODE solver in C},
  author={Cohen, Scott D and Hindmarsh, Alan C and Dubois, Paul F and others},
  journal={Computers in physics},
  volume={10},
  number={2},
  pages={138--143},
  year={1996},
  publisher={AIP Publishing}
}
@article{petzold1989computing,
  title={Computing and mathematics research division},
  author={Petzold, L and LSODA, A},
  journal={Lawrence Livermore National Laboratory},
  year={1989}
}
@article{jurtz2017deeplearning,
  title={An introduction to Deep learning on biological sequence data -- Examples and solutions },
  author={Jurtz, Vanessa I. and  Johansen, Alexander R. and Nielsen, Morten and Armenteros, Jose J. A. and Nielsen Henrik and S{\o}nderby, Casper K. and Winther, Ole and S{\o}nderby S{\o}ren K. },
  journal={Bioinformatics},
  volume={33},
  number={16},
  pages={In press},
  year={2017}
}
@article{calzone2006biocham,
  title={BIOCHAM: an environment for modeling biological systems and formalizing experimental knowledge},
  author={Calzone, Laurence and Fages, Fran{\c{c}}ois and Soliman, Sylvain},
  journal={Bioinformatics},
  volume={22},
  number={14},
  pages={1805--1807},
  year={2006},
  publisher={Oxford University Press}
}
@article{drawert2016stochastic,
  title={Stochastic Simulation Service: Bridging the Gap between the Computational Expert and the Biologist},
  author={Drawert, Brian and Hellander, Andreas and Bales, Ben and Banerjee, Debjani and Bellesia, Giovanni and Daigle Jr, Bernie J and Douglas, Geoffrey and Gu, Mengyuan and Gupta, Anand and Hellander, Stefan and others},
  journal={PLoS computational biology},
  volume={12},
  number={12},
  pages={e1005220},
  year={2016},
  publisher={Public Library of Science}
}
@article{reich2017genepattern,
author={Reich, Michael
and Tabor, Thorin
and Liefeld, Ted
and Thorvaldsd{\'o}ttir, Helga
and Hill, Barbara
and Tamayo, Pablo
and Mesirov, Jill P.},
title={The GenePattern Notebook Environment},
journal={Cell Systems},
year={2017},
month={2017/08/23},
publisher={Elsevier},
volume={5},
number={2},
pages={149-151.e1},
issn={2405-4712},
doi={10.1016/j.cels.2017.07.003},
url={http://dx.doi.org/10.1016/j.cels.2017.07.003}
}

@article{scharmf1000,
  title={A fully featured COMBINE archive of a simulation study on syncytial mitotic cycles in Drosophila embryos},
  note={[version 1; referees: 1 approved, 2 approved with reservations]},
  author={Scharm, Martin and Waltemath, Dagmar},
  journal={F1000Research},
  year={2016}
}
@article {Swaminathan121152,
	author = {Swaminathan, Anandh and Hsiao, Victoria and Murray, Richard M},
	title = {Quantitative Modeling of Integrase Dynamics Using a Novel Python Toolbox for Parameter Inference in Synthetic Biology},
	year = {2017},
	doi = {10.1101/121152},
	publisher = {Cold Spring Harbor Labs Journals},
	abstract = {The recent abundance of high-throughput data for biological circuits enables data-driven quantitative modeling and parameter estimation. Common modeling issues include long computational times during parameter estimation, and the need for many iterations of this cycle to match data. Here, we present BioSCRAPE (Bio-circuit Stochastic Single-cell Reaction Analysis and Parameter Estimation) - a Python package for fast and flexible modeling and simulation for biological circuits. The BioSCRAPE package can be used for deterministic or stochastic simulations and can incorporate delayed reactions, cell growth, and cell division. Simulation run times obtained with the package are comparable to those obtained using C code - this is particularly advantageous for computationally expensive applications such as Bayesian inference or simulation of cell lineages. We first show the package{\textquoteright}s simulation capabilities on a variety of example simulations of stochastic gene expression. We then further demonstrate the package by using it to do parameter inference for a model of integrase dynamics using experimental data. The BioSCRAPE package is publicly available online along with more detailed documentation and examples.},
	URL = {http://www.biorxiv.org/content/early/2017/03/27/121152},
	eprint = {http://www.biorxiv.org/content/early/2017/03/27/121152.full.pdf},
	journal = {bioRxiv}
}
@article {Theisen065177,
	author = {Theisen, Matthew},
	title = {Introducing py\_emra: the Python module for Ensemble Modeling Robustness Analysis},
	year = {2016},
	doi = {10.1101/065177},
	publisher = {Cold Spring Harbor Labs Journals},
	abstract = {The py\_emra module implements the Ensemble Modeling Robustness Analysis (EMRA) algorithm in Python. Previous implementations in MATLAB have been used to gain useful insights into metabolic dynamics and metabolic engineering strategies. The py\_emra package performs favorably in comparison to MATLAB. Potential extensions and improvements are discussed.},
	URL = {http://www.biorxiv.org/content/early/2016/07/21/065177},
	eprint = {http://www.biorxiv.org/content/early/2016/07/21/065177.full.pdf},
	journal = {bioRxiv}
}
@article{fan2016means,
  title={MEANS: python package for Moment Expansion Approximation, iNference and Simulation},
  author={Fan, Sisi and Geissmann, Quentin and Lakatos, Eszter and Lukauskas, Saulius and Ale, Angelique and Babtie, Ann C and Kirk, Paul DW and Stumpf, Michael PH},
  journal={Bioinformatics},
  volume={32},
  number={18},
  pages={2863--2865},
  year={2016},
  publisher={Oxford University Press}
}
@article{liepe2010abc,
  title={ABC-SysBioâ€”approximate Bayesian computation in Python with GPU support},
  author={Liepe, Juliane and Barnes, Chris and Cule, Erika and Erguler, Kamil and Kirk, Paul and Toni, Tina and Stumpf, Michael PH},
  journal={Bioinformatics},
  volume={26},
  number={14},
  pages={1797--1799},
  year={2010},
  publisher={Oxford University Press}
}
@article{sauro2008standards,
  title={Standards and ontologies in computational systems biology},
  author={Sauro, Herbert M and Bergmann, Frank T},
  journal={Essays in biochemistry},
  volume={45},
  pages={211--222},
  year={2008},
  publisher={Portland Press Limited}
}
@article{sandve2013ten,
  title={Ten simple rules for reproducible computational research},
  author={Sandve, Geir Kjetil and Nekrutenko, Anton and Taylor, James and Hovig, Eivind},
  journal={PLoS computational biology},
  volume={9},
  number={10},
  pages={e1003285},
  year={2013},
  publisher={Public Library of Science}
}
@article{peng2011reproducible,
  title={Reproducible research in computational science},
  author={Peng, Roger D},
  journal={Science},
  volume={334},
  number={6060},
  pages={1226--1227},
  year={2011},
  publisher={American Association for the Advancement of Science}
}
@misc{sbmlfbc,
  title={SBML Flux Balance Constraints.},
  howpublished={\url{http://sbml.org/Documents/Specifications/SBML\_Level\_3/Packages/Flux_Balance_Constraints\_(flux)}},
  note={Accessed: 09-20-2017},
}
@misc{sbmlmulti,
  title={SBML Multistate / Multicomponent Species.},
  howpublished={\url{http://sbml.org/Documents/Specifications/SBML\_Level\_3/Packages/spatial}},
  note={Accessed: 09-20-2017},
}
@misc{sbmlspatial,
  title={SBML Spatial Processes.},
  howpublished={\url{http://sbml.org/Documents/Specifications/SBML\_Level\_3/Packages/multi}},
  note={Accessed: 09-20-2017},
}
@article{schaff2016rule,
  title={Rule-based modeling with Virtual Cell},
  author={Schaff, James C and Vasilescu, Dan and Moraru, Ion I and Loew, Leslie M and Blinov, Michael L},
  journal={Bioinformatics},
  volume={32},
  number={18},
  pages={2880--2882},
  year={2016},
  publisher={Oxford University Press}
}
@misc{sbmltestsuite,
  title={SBML Test Suite.},
  howpublished={\url{http://sbml.org/Software/SBML\_Test\_Suite}},
  note={Accessed: 09-20-2017},
}
@misc{wolfbiomod,
  title={BIOMD0000000090.},
  howpublished={\url{https://www.ebi.ac.uk/biomodels-main/BIOMD0000000090}},
  note={Accessed: 09-20-2017},
}
@misc{gitscm,
  title={Git SCM.},
  howpublished={\url{https://git-scm.com/}},
  note={Accessed: 09-21-2017},
}
@misc{sbmltsnotebook,
  title={Tellurium SBML Test Suite Notebook.},
  howpublished={\url{https://github.com/0u812/tellurium-combine-archive-test-cases/blob/master/sbml-test-suite/convert-to-combine-arch.ipynb}},
  note={Accessed: 09-21-2017},
}
@misc{catests,
  title={Tellurium COMBINE Archive Tests.},
  howpublished={\url{https://github.com/0u812/tellurium-combine-archive-test-cases}},
  note={Accessed: 09-21-2017},
}
@misc{wolfoxy,
  title={Wolf 2001 Oxygen--only Plot.},
  howpublished={\url{https://github.com/0u812/tellurium-combine-archive-test-cases/blob/master/biomodels/wolf2001-oxy-only.omex}},
  note={Accessed: 09-21-2017},
}
@misc{wolfhillstudy,
  title={Hill Coefficient Study Based On Wolf 2001.},
  howpublished={\url{https://github.com/0u812/tellurium-combine-archive-test-cases/blob/master/demos/wolf-hill-study.omex}},
  note={Accessed: 09-21-2017},
}
@misc{calzone-fig1-fig3,
  title={Reproduction of Calzone et al. Fig 1 and 3 as a COMBINE Archive.},
  howpublished={\url{https://github.com/0u812/tellurium-combine-archive-test-cases/blob/master/demos/calzone-fig1-fig3.omex}},
  note={Accessed: 09-21-2017},
}
@misc{calzone-feedback-archive,
  title={Testing Feedback Regulation in the Calzone Model.},
  howpublished={\url{https://github.com/0u812/tellurium-combine-archive-test-cases/blob/master/demos/calzone-feedback-study.omex}},
  note={Accessed: 09-21-2017},
}
@techreport{scharm2014combinearchiveweb,
  title={The CombineArchiveWeb application--A web based tool to handle files associated with modelling results},
  author={Scharm, Martin and Wendland, Florian and Peters, Martin and Wolfien, Markus and Theile, Tom and Waltemath, Dagmar},
  year={2014},
  institution={PeerJ PrePrints}
}
@article{gibson2000efficient,
  title={Efficient exact stochastic simulation of chemical systems with many species and many channels},
  author={Gibson, Michael A and Bruck, Jehoshua},
  journal={The journal of physical chemistry A},
  volume={104},
  number={9},
  pages={1876--1889},
  year={2000},
  publisher={ACS Publications}
}
@article{vcell2017,
author={Blinov, Michael L.
and Schaff, James C.
and Vasilescu, Dan
and Moraru, Ion I.
and Bloom, Judy E.
and Loew, Leslie M.},
title={Compartmental and Spatial Rule-Based Modeling with Virtual Cell},
journal={Biophysical Journal},
year={2017},
month={2017/10/03},
publisher={Elsevier},
volume={113},
number={7},
pages={1365-1372},
issn={0006-3495},
doi={10.1016/j.bpj.2017.08.022},
url={http://dx.doi.org/10.1016/j.bpj.2017.08.022}
}
@article{oinn2004taverna,
  title={Taverna: a tool for the composition and enactment of bioinformatics workflows},
  author={Oinn, Tom and Addis, Matthew and Ferris, Justin and Marvin, Darren and Senger, Martin and Greenwood, Mark and Carver, Tim and Glover, Kevin and Pocock, Matthew R and Wipat, Anil and others},
  journal={Bioinformatics},
  volume={20},
  number={17},
  pages={3045--3054},
  year={2004},
  publisher={Oxford University Press}
}
@article{petzold1983automatic,
  title={Automatic selection of methods for solving stiff and nonstiff systems of ordinary differential equations},
  author={Petzold, Linda},
  journal={SIAM journal on scientific and statistical computing},
  volume={4},
  number={1},
  pages={136--148},
  year={1983},
  publisher={SIAM}
}
@article{hindmarsh1983odepack,
  title={ODEPACK, a systematized collection of ODE solvers},
  author={Hindmarsh, A. C.},
  editor={R. S. Stepleman et al.}
  pages={55--64},
  journal={Scientific Computing},
  volume={1},
  year={1983}
}
@Article{Lewis2016,
author="Lewis, Joanna
and Breeze, Charles E.
and Charlesworth, Jane
and Maclaren, Oliver J.
and Cooper, Jonathan",
title="Where next for the reproducibility agenda in computational biology?",
journal="BMC Systems Biology",
year="2016",
month="Jul",
day="15",
volume="10",
number="1",
pages="52",
abstract="The concept of reproducibility is a foundation of the scientific method. With the arrival of fast and powerful computers over the last few decades, there has been an explosion of results based on complex computational analyses and simulations. The reproducibility of these results has been addressed mainly in terms of exact replicability or numerical equivalence, ignoring the wider issue of the reproducibility of conclusions through equivalent, extended or alternative methods.",
issn="1752-0509",
doi="10.1186/s12918-016-0288-x",
url="https://doi.org/10.1186/s12918-016-0288-x"
}
@article{nteract,
author = "Kyle Kelley and nteract Developers",
title = "{nteract Literate Coding Notebook}",
year = "2017",
month = "11",
url = "https://github.com/nteract/nteract"
}
@misc{sievert2016plotly,
  title={plotly: Create interactive web graphics via Plotlyâ€™s JavaScript graphing library [Software]},
  author={Sievert, C and Parmer, C and Hocking, T and Chamberlain, S and Ram, K and Corvellec, M and Despouy, P},
  year={2016}
}


